% Encoding: UTF-8

@Article{Tozzi2017,
  author       = {Christopher Tozzi},
  date         = {2017-12-11},
  journaltitle = {Channel Futures},
  title        = {Automatic vs. Manual Software Updates: Striking the Right Balance},
  url          = {https://www.channelfutures.com/channel-business/automatic-vs-manual-software-updates-striking-the-right-balance},
  urldate      = {2024-03-11},
}

@Article{SageSoftware2023,
  author  = {SageSoftware},
  date    = {2023-03-14},
  title   = {ERP and Cybersecurity â€“ What no one is talking about?},
  url     = {https://www.sagesoftware.co.in/blogs/erp-and-cybersecurity-what-no-one-is-talking-about-2/#:~:text=Cybercriminals are well aware of,fact and fall to cyberattacks.},
  urldate = {2024-03-04},
}

@Article{Pratt2023,
  author       = {Mary K. Pratt},
  date         = {2023-12-20},
  journaltitle = {TechTarget},
  title        = {Evaluating today's 8 leading ERP software vendors},
  url          = {https://www.techtarget.com/searcherp/feature/Evaluating-todays-leading-ERP-software-vendors},
  urldate      = {2024-02-23},
  timestamp    = {2024-03-20},
}

@Article{Pimentel2017,
  author       = {Benjamin Pimentel},
  date         = {2017-07-17},
  journaltitle = {Business Insider},
  title        = {The amount of software running on traditional servers is set to almost halve in the next 3 years amid the shift to the cloud, and it's great news for the data center business},
  url          = {https://www.businessinsider.com/software-private-data-centers-morgan-stanley-cloud-computing-2019-7},
  urldate      = {2024-03-08},
}

@Article{Pearson2024,
  author           = {James Pearson},
  date             = {2024-01-24},
  journaltitle     = {Reuters},
  title            = {AI rise will lead to increase in cyberattacks, GCHQ warns},
  url              = {https://www.reuters.com/technology/cybersecurity/ai-rise-will-lead-increase-cyberattacks-gchq-warns-2024-01-24/},
  urldate          = {2024-03-15},
  comment-detroozg = {https://www.reuters.com/technology/cybersecurity/ai-rise-will-lead-increase-cyberattacks-gchq-warns-2024-01-24/},
}

@Article{OFlaherty2023,
  author       = {Kate O'Flaherty},
  date         = {2023-09-08},
  journaltitle = {ITPro},
  title        = {How AI is changing patch management},
  url          = {https://www.itpro.com/security/how-ai-is-changing-patch-management},
  urldate      = {2024-03-15},
}

@Article{ManageEngine2024,
  author  = {ManageEngine},
  date    = {2023-05-31},
  title   = {What is Patch Management Software: Benefits, Best Practices, Importance, & Tools},
  url     = {https://www.manageengine.com/patch-management/what-is-patch-management.html},
  urldate = {2024-03-21},
}

@Article{Kannan2023,
  author       = {Aarthi Kannan},
  date         = {2023-03-15},
  journaltitle = {Blogs by SAP},
  title        = {Enterprise Resource Planning},
  url          = {https://www.sap.com/products/erp/what-is-erp.html#:~:text=Enterprise resource planning (ERP) is,services, procurement, and more.},
  urldate      = {2024-03-15},
}

@Article{ivanti2021,
  author  = {ivanti},
  date    = {2021-05-23},
  title   = {Patch Management ChallengesSurvey Results and Insights as Organizations move to Everywhere Workplace},
  url     = {https://www.ivanti.com/resources/v/doc/ivi/2634/712cff539c8a},
  urldate = {2024-03-21},
}

@Article{Hooper2018,
  author       = {Rob Hooper},
  date         = {2018},
  journaltitle = {Dogsbody Technology},
  title        = {Manual patching vs auto patching},
  url          = {https://www.dogsbody.com/blog/manual-patching-vs-auto-patching/},
  urldate      = {2018-01-30},
}

@Article{Haan2023,
  author       = {Katherine Haan},
  date         = {2023-06-12},
  journaltitle = {Forbes},
  title        = {Remote Work Statistics And Trends In 2024},
  url          = {https://www.forbes.com/advisor/business/remote-work-statistics/},
  urldate      = {2024-03-15},
}

@Article{Graffeo2018,
  author       = {Jeff Graffeo},
  date         = {2018-08-08},
  journaltitle = {Clarkston},
  title        = {Best Practices in Patch Management for ERP Systems},
  url          = {https://clarkstonconsulting.com/insights/patch-management-erp/},
  urldate      = {2024-03-20},
}

@Article{Fortune2024,
  author       = {Fortune},
  date         = {2024-03-03},
  journaltitle = {buisness inight},
  title        = {Enterprise Resource Planning [ERP] Software Market Size, 2032},
  url          = {https://www.fortunebusinessinsights.com/enterprise-resource-planning-erp-software-market-102498},
  urldate      = {2024-03-20},
  timestamp    = {2024-03-20},
}

@Article{Forbes2021,
  author  = {Forbes},
  date    = {2021-09-14},
  title   = {Outsmart Cybersecurity Threats By Modernizing Your ERP},
  url     = {https://www.forbes.com/sites/sap/2021/09/14/outsmart-cybersecurity-threats-by-modernizing-your-erp/},
  urldate = {2024-03-19},
}

@Article{Danby2023,
  author       = {Sophie Danby},
  date         = {2023-10-23},
  journaltitle = {invgate},
  title        = {Patch Management vs. Vulnerability Management: What's The Difference?},
  url          = {https://blog.invgate.com/patch-management-vs-vulnerability-management#:~:text=Vulnerability Management identifies, categorizes, prioritizes,is part of Vulnerability Management.&text=Both practices take a lifecycle approach.},
  urldate      = {2024-03-20},
}

@Article{Buenning2024,
  author       = {Makenzie Buenning},
  date         = {2024-03-18},
  journaltitle = {ninjaOne},
  title        = {What is a Computer Patch?},
  url          = {https://www.ninjaone.com/blog/what-is-a-computer-patch/},
  urldate      = {2024-03-21},
}

@Article{Ballejos2024,
  author       = {Lauren Ballejos},
  date         = {2024-03-18},
  journaltitle = {ninjaone},
  title        = {Top 5 Patch Management Challenges of 2024},
  url          = {https://www.ninjaone.com/blog/top-5-patch-management-challenges/},
  urldate      = {2024-03-19},
}

@Article{AppMaster2023,
  author  = {AppMaster},
  date    = {2023-07-06},
  title   = {Uitdagingen overwinnen tijdens ERP-implementatie},
  url     = {https://appmaster.io/nl/blog/uitdagingen-erp-implementatie-overwinnen},
  urldate = {2024-03-20},
}

@Article{Madh2024,
  author       = {Anise Madh},
  date         = {2024-02-13},
  journaltitle = {Forbes},
  title        = {Two ERP Trends Powering Organizations In 2024},
  url          = {https://www.forbes.com/sites/forbesbusinesscouncil/2024/02/13/two-erp-trends-powering-organizations-in-2024/?sh=227c29af4258},
  urldate      = {2024-03-20},
}

@Article{Wrobel2023,
  author       = {Melisa Wrobel},
  date         = {2023-09-07},
  journaltitle = {invgate},
  title        = {A Step-by-step Guide to Implementing a Patch Management Process},
  url          = {https://blog.invgate.com/patch-management-process},
  urldate      = {2024-03-21},
}

@Article{Ruiter2024,
  author       = {Reinout de Ruiter},
  date         = {2024-03-12},
  journaltitle = {cegeka},
  title        = {De 7 voordelen van een ERP in de cloud: ontdek waarom het de beste keuze is voor jouw organisatie},
  url          = {https://www.cegeka.com/nl-nl/oplossingen/dynamics365/inzichten/blog/erp-in-de-cloud},
  urldate      = {2024-03-21},
}

@Article{Toren2019,
  author  = {Shai Toren},
  date    = {2019-01-30},
  title   = {Collaboration: The Key to Patch Management Success},
  url     = {https://jetpatch.com/blog/patch-management/collaboration-the-key-to-patch-management-success/},
  urldate = {2023-12-12},
}

@WWW{StatistiekVlaanderen2022,
  author       = {Statistiek-Vlaanderen},
  date         = {2022-02-25},
  title        = {Gebruik van ERP-software in bedrijven},
  url          = {https://www.vlaanderen.be/statistiek-vlaanderen/digitale-economie/gebruik-van-erp-software-in-bedrijven#ruim-6-op-10-ondernemingen-gebruiken-erp-software},
  organization = {Statistiek Vlaanderen},
  urldate      = {2023-12-11},
}

@WWW{Shein2022,
  author       = {Esther Shein},
  date         = {2022-06-07},
  title        = {The risks of failed patch management},
  url          = {https://www.techtarget.com/searchenterprisedesktop/tip/The-risks-of-failed-patch-management},
  organization = {TechTarget},
  urldate      = {2023-12-13},
}

@WWW{ServiceNow2020,
  author = {ServiceNow},
  date   = {2020-05-14},
  title  = {Costs and Consequences of Gaps in Vulnerability Response},
  url    = {https://www.bankinfosecurity.com/whitepapers/costs-consequences-gaps-in-vulnerability-response-w-5814},
  type   = {techreport},
}

@WWW{Mukkamala2022,
  author  = {Srinivas Mukkamala},
  date    = {2022-01-14},
  title   = {What's Next for Patch Management: Automation},
  url     = {https://www.darkreading.com/vulnerabilities-threats/what-s-next-for-patch-management-automation},
  urldate = {2023-12-12},
}

@WWW{Griffiths2022,
  author      = {Charles Griffiths},
  date        = {2022-12-01},
  title       = {The Latest 2023 Ransomware Statistics},
  url         = {https://aag-it.com/the-latest-ransomware-statistics/},
  urldate     = {2023-12-12},
  institution = {ProLion},
  type        = {techreport},
}

@WWW{Firch2023,
  author = {Jason Firch},
  date   = {2023-03-23},
  editor = {Josh Allen},
  title  = {How To Automate Your Patch Management},
  url    = {https://purplesec.us/learn/automated-patch-management/},
}

@Article{Laborde2024,
  author       = {Susan Laborde},
  date         = {2024-01-31},
  journaltitle = {Tech report},
  title        = {60+ Important SAP Statistics and Facts in 2024},
  urldate      = {2024-05-15},
}

@Misc{Heyndrickx2024,
  author       = {Kasper Heyndrickx},
  date         = {2024-05-08},
  title        = {Interview over SAP patchmanagement},
  howpublished = {persoonlijke communicatie},
  location     = {kortrijk},
  urldate      = {2024-05-08},
}

@Article{Gillis2021,
  author       = {Alexander S. Gillis},
  date         = {2021-08-01},
  journaltitle = {TechTarget},
  title        = {DEFINITION: managed service provider (MSP)},
}

@Misc{Munck2024,
  author       = {Miguel De Munck},
  date         = {2024-04-30},
  title        = {Vragen over cloudservices en erp patchmanagement},
  howpublished = {persoonlijke communicatie},
  location     = {gent},
}

@Comment{jabref-meta: databaseType:biblatex;}
