% Encoding: UTF-8

@WWW{StatistiekVlaanderen2022,
  author       = {Statistiek-Vlaanderen},
  date         = {2022-02-25},
  title        = {Gebruik van ERP-software in bedrijven},
  url          = {https://www.vlaanderen.be/statistiek-vlaanderen/digitale-economie/gebruik-van-erp-software-in-bedrijven#ruim-6-op-10-ondernemingen-gebruiken-erp-software},
  organization = {Statistiek Vlaanderen},
  urldate      = {2023-12-11},
}

@WWW{Griffiths2022,
  author      = {Charles Griffiths},
  date        = {2022-12-01},
  title       = {The Latest 2023 Ransomware Statistics},
  url         = {https://aag-it.com/the-latest-ransomware-statistics/},
  urldate     = {2023-12-12},
  institution = {ProLion},
  type        = {techreport},
}

@Article{Anand_2016,
  author       = {Anand, Adarsh and Agarwal, Mohini and Tamura, Yoshinobu and Yamada, Shigeru},
  date         = {2016-04},
  journaltitle = {Quality and Reliability Engineering International},
  title        = {Economic Impact of Software Patching and Optimal Release Scheduling},
  doi          = {https://doi.org/10.1002/qre.1997},
  issn         = {1099-1638},
  number       = {1},
  pages        = {149--157},
  urldate      = {2023-12-12},
  volume       = {33},
  publisher    = {Wiley},
}

@WWW{Mukkamala2022,
  author  = {Srinivas Mukkamala},
  date    = {2022-01-14},
  title   = {What's Next for Patch Management: Automation},
  url     = {https://www.darkreading.com/vulnerabilities-threats/what-s-next-for-patch-management-automation},
  urldate = {2023-12-12},
}

@WWW{ServiceNow2020,
  author = {ServiceNow},
  date   = {2020-05-14},
  title  = {Costs and Consequences of Gaps in Vulnerability Response},
  url    = {https://www.bankinfosecurity.com/whitepapers/costs-consequences-gaps-in-vulnerability-response-w-5814},
  type   = {techreport},
}

@Article{Toren2019,
  author  = {Shai Toren},
  date    = {2019-01-30},
  title   = {Collaboration: The Key to Patch Management Success},
  urldate = {2023-12-12},
}

@WWW{Firch2023,
  author = {Jason Firch},
  date   = {2023-03-23},
  editor = {Josh Allen},
  title  = {How To Automate Your Patch Management},
  url    = {https://purplesec.us/learn/automated-patch-management/},
}

@WWW{Shein2022,
  author       = {Esther Shein},
  date         = {2022-06-07},
  title        = {The risks of failed patch management},
  url          = {https://www.techtarget.com/searchenterprisedesktop/tip/The-risks-of-failed-patch-management},
  organization = {TechTarget},
  urldate      = {2023-12-13},
}

@Comment{jabref-meta: databaseType:biblatex;}
